@book{bishop2006pattern,
  title     = {Pattern Recognition and Machine Learning},
  author    = {Bishop, Christopher M},
  year      = {2006},
  publisher = {Springer}
}

@inproceedings{bottou2010large,
  title        = {Large-scale machine learning with stochastic gradient descent},
  author       = {Bottou, L{\'e}on},
  booktitle    = {Proceedings of the COMPSTAT'2010},
  pages        = {177--186},
  year         = {2010},
  organization = {Springer}
}

@book{goodfellow2016deep,
  title     = {Deep Learning},
  author    = {Goodfellow, Ian and Bengio, Yoshua and Courville, Aaron},
  year      = {2016},
  publisher = {MIT Press}
}

@article{kingma2014adam,
  title   = {Adam: A method for stochastic optimization},
  author  = {Kingma, Diederik P and Ba, Jimmy},
  journal = {arXiv preprint arXiv:1412.6980},
  year    = {2014}
}

@article{lecun1998gradient,
  title     = {Gradient-based learning applied to document recognition},
  author    = {LeCun, Yann and Bottou, L{\'e}on and Bengio, Yoshua and Haffner, Patrick},
  journal   = {Proceedings of the IEEE},
  volume    = {86},
  number    = {11},
  pages     = {2278--2324},
  year      = {1998},
  publisher = {IEEE}
}

@article{lecun2012efficient,
  title     = {Efficient backprop},
  author    = {LeCun, Yann and Bottou, L{\'e}on and Orr, Genevieve B and M{\"u}ller, Klaus-Robert},
  booktitle = {Neural Networks: Tricks of the Trade},
  pages     = {9--48},
  year      = {2012},
  publisher = {Springer}
}

@book{matlabguide,
  title     = {MATLAB Guide},
  author    = {Higham, Desmond J and Higham, Nicholas J},
  year      = {2017},
  publisher = {Society for Industrial and Applied Mathematics}
}

@article{rumelhart1986learning,
  title   = {Learning representations by back-propagating errors},
  author  = {Rumelhart, David E and Hinton, Geoffrey E and Williams, Ronald J},
  journal = {Nature},
  volume  = {323},
  number  = {6088},
  pages   = {533--536},
  year    = {1986}
}

@article{schmidhuber2015deep,
  title     = {Deep learning in neural networks: An overview},
  author    = {Schmidhuber, J{\"u}rgen},
  journal   = {Neural Networks},
  volume    = {61},
  pages     = {85--117},
  year      = {2015},
  publisher = {Elsevier}
}
