@article{rockafellar06,
title={Generalized deviations in risk analysis},
author={Rockafellar, R Tyrrell and Uryasev, Stan and Zabarankin, Michael},
journal={Finance and Stochastics},
volume={10},
pages={51--74},
year={2006},
url = {https://doi.org/10.1007/s00780-005-0165-8},
}

@article{markowitz52,
author  = {Markowitz, Harry},
title   = {Portfolio Selection},
journal = {Journal of Finance},
year    = {1952},
volume  = {7},
number = {1},
pages   = {77--91},
}

@article{rockafellar02,
title={Conditional Value-at-risk for general loss distributions},
author={Rockafellar, R Tyrrell and Uryasev, Stanislav},
journal={Journal of banking \& finance},
volume={26},
number={7},
pages={1443--1471},
year={2002},
doi = {https://doi.org/10.1016/S0378-4266(02)00271-6},
}